@article{Kleinberg2003,
annote = {10.1023/A:1024940629314},
author = {Kleinberg, Jon},
issn = {1384-5810},
journal = {Data Mining and Knowledge Discovery},
number = {4},
pages = {373--397},
publisher = {Springer Netherlands},
title = {{Bursty and Hierarchical Structure in Streams}},
url = {http://dx.doi.org/10.1023/A:1024940629314},
volume = {7},
year = {2003}
}
