@article{Kleinberg2003,
author = {Kleinberg, Jon},
file = {:home/shawn/Desktop/Dropbox/FYP/bhs.pdf:pdf},
journal = {Data Mining and Knowledge Discovery},
pages = {1--25},
title = {{Bursty and hierarchical structure in streams}},
url = {http://www.springerlink.com/index/l11r83858mk0v01l.pdf},
year = {2003}
}
@article{Garcia-molina2003,
author = {Cho, Junghoo and Garcia-molina, Hector},
file = {:home/shawn/Desktop/Dropbox/FYP/2000-4 (1).pdf:pdf},
number = {650},
title = {{Estimating Frequency of Change}},
year = {2003}
}
@article{Wolf2002,
author = {Wolf, JL and Squillante, MS and Yu, PS},
file = {:home/shawn/Desktop/Dropbox/FYP/2002-????-Optimal Crawling Strategies for Web Search Engines.pdf:pdf},
isbn = {1581134495},
journal = {on World Wide Web},
title = {{Optimal crawling strategies for web search engines}},
url = {http://dl.acm.org/citation.cfm?id=511465},
year = {2002}
}
@article{Brian2000,
author = {Brewington, Brian E. and Cybenko, George},
file = {:home/shawn/Desktop/Dropbox/FYP/2000-????-keep-up-change.pdf:pdf},
journal = {Computer},
pages = {52--58},
title = {{Keeping up with the changing web}},
url = {http://ieeexplore.ieee.org/xpls/abs\_all.jsp?arnumber=841784},
year = {2000}
}
@article{Wang2011,
author = {Wang, Li and McCarthy, D},
file = {:home/shawn/Desktop/Dropbox/FYP/2011-????-lexicalchaining.pdf:pdf},
journal = {Proceedings of the},
pages = {76--85},
title = {{Predicting Thread Linking Structure by Lexical Chaining}},
url = {http://research.liwang.info/resources/altw2011-slides.pdf},
year = {2011}
}
@article{Teevan2009,
author = {Teevan, Jaime and Dumais, Susan T and Elsas, Jonathan L},
file = {:home/shawn/Desktop/Dropbox/FYP/2009-0039-dynamicsofweb.pdf:pdf},
isbn = {9781605583907},
journal = {Change},
keywords = {change,re-finding,web page dynamics},
title = {{The Web Changes Everything : Understanding the Dynamics of Web Content}},
year = {2009}
}
@article{Wang2007,
author = {Wang, Yi-chia and Joshi, Mahesh and Cohen, William and Ros\'{e}, Carolyn},
file = {:home/shawn/Desktop/Dropbox/FYP/2008-????-implicithreadstructure.pdf:pdf},
journal = {Artificial Intelligence},
title = {{Recovering Implicit Thread Structure in Newsgroup Style Conversations}},
year = {2007}
}
@article{Guan,
author = {Guan, Ziyu and Wang, Can and Chen, Chun and Bu, Jiajun and Wang, Junfeng},
file = {:home/shawn/Desktop/Dropbox/FYP/2008-0005-focusedcrawlerimportance.pdf:pdf},
isbn = {9781605581644},
journal = {Learning},
keywords = {focused crawlers,topical crawlers},
number = {3},
pages = {757--758},
title = {{Guide Focused Crawler Efficiently and Effectively Using On-line Topical Importance Estimation}}
}
@article{Kumar2006,
author = {Kumar, Ravi and Tomkins, Andrew},
file = {:home/shawn/Desktop/Dropbox/FYP/2006-????-Kumar  structure and evolution of  online  Social Network.pdf:pdf},
isbn = {1595933395},
journal = {Work},
keywords = {companies in their own,each user the promise,graph evolu-,graph mining,of managing her own,offering,right,small-world phenomenon,social network as a,social networks,stars,subject of numerous startup,tion},
pages = {611--617},
title = {{Structure and Evolution of Online Social Networks}},
year = {2006}
}
@article{Cho1999,
author = {Cho, Junghoo},
file = {:home/shawn/Desktop/Dropbox/FYP/1999-0483-incrementalcrawler.pdf:pdf},
journal = {Science},
pages = {1--18},
title = {{The evolution of the web and implications for an incremental crawler}},
url = {http://ilpubs.stanford.edu:8090/376/},
year = {1999}
}
@inproceedings{Rennie1999,
author = {Rennie, Jason and McCallum, A.K.},
booktitle = {MACHINE LEARNING-INTERNATIONAL WORKSHOP THEN CONFERENCE-},
file = {:home/shawn/Desktop/Dropbox/FYP/1999-0245-reinforcementlearning.pdf:pdf},
pages = {335--343},
publisher = {MORGAN KAUFMANN PUBLISHERS, INC.},
title = {{Using reinforcement learning to spider the web efficiently}},
url = {http://www.qwone.com/~jason/papers/icml99-text.pdf},
year = {1999}
}
@article{Menczer2000,
author = {Menczer, Filippo and Belew, R.K.},
file = {:home/shawn/Desktop/Dropbox/FYP/2000-0191-adaptiveretrievalagents.pdf:pdf},
journal = {Machine Learning},
keywords = {adaptive on-line web agents,distributed information retrieval,evolutionary algorithms,expansion,infospiders,internaliza-,linkage topology,local selection,neural networks,reinforcement learning,relevance feedback,scalability,selective query,tion},
number = {2},
pages = {203--242},
publisher = {Springer},
title = {{Adaptive retrieval agents: Internalizing local context and scaling up to the Web}},
url = {http://www.springerlink.com/index/Q7705H67578Q2203.pdf},
volume = {39},
year = {2000}
}
@article{Bilmes1998,
author = {Bilmes, J.A.},
file = {:home/shawn/Desktop/Dropbox/FYP/dp\_tutorial.pdf:pdf},
journal = {International Computer Science Institute},
pages = {126},
title = {{A gentle tutorial of the EM algorithm and its application to parameter estimation for Gaussian mixture and hidden Markov models}},
url = {http://lasa.epfl.ch/teaching/lectures/ML\_Phd/Notes/GP-GMM.pdf},
volume = {4},
year = {1998}
}
@inproceedings{Chambers2011,
author = {Chambers, Nathanael and Jurafsky, Dan},
booktitle = {Proceedings of ACL},
file = {:home/shawn/Desktop/Dropbox/FYP/2011-0001-templatewotemplate.pdf:pdf},
pages = {976--986},
title = {{Template-based information extraction without the templates}},
url = {http://aclweb.org/anthology/P/P11/P11-1098.pdf},
year = {2011}
}
@inproceedings{Mali2011,
author = {Mali, S. and Meshram, BB},
booktitle = {IJCA Proceedings on International Conference and workshop on Emerging Trends in Technology (ICWET)\$\backslash\$},
file = {:home/shawn/Desktop/Dropbox/FYP/2011-0000-pagechange.pdf:pdf},
keywords = {crawler,crawler policies,focused crawler,page change detection},
pages = {51--56},
title = {{Focused Web Crawler with Page Change Detection Policy\$\backslash\$}},
url = {http://www.ijcaonline.org/icwet/number9/DB34.pdf},
year = {2011}
}
@article{Batsakis2009,
author = {Batsakis, Sotiris and Petrakis, EGM},
file = {:home/shawn/Desktop/Dropbox/FYP/2009-0015-improveperf.pdf:pdf},
journal = {Data \&amp; Knowledge Engineering},
pages = {1--29},
title = {{Improving the performance of focused web crawlers}},
url = {http://www.sciencedirect.com/science/article/pii/S0169023X0900055X},
year = {2009}
}
@article{Sun2008,
author = {Sun, Huiye and Li, Yaoguo and Lin, Shan and Zhu, Mingying},
doi = {10.1109/ISCSCT.2008.166},
file = {:home/shawn/Desktop/Dropbox/FYP/2008-0000-RGBefficient.pdf:pdf},
isbn = {978-0-7695-3498-5},
journal = {2008 International Symposium on Computer Science and Computational Technology},
keywords = {and the effectiveness of,build modeling is low,com-,increase,information content,information extraction,munication entropy,so many hmm nodes,that the training costs,web crawler},
pages = {640--643},
publisher = {Ieee},
title = {{An Efficient R-G-B Algorithm for Web Crawler on Information Extraction}},
url = {http://ieeexplore.ieee.org/lpdocs/epic03/wrapper.htm?arnumber=4731509},
year = {2008}
}
@article{Menczer2004,
author = {Menczer, Filippo and Pant, G. and Srinivasan, P.},
file = {:home/shawn/Desktop/Dropbox/FYP/2004-0140-adaptive.pdf:pdf},
journal = {ACM Transactions on Internet Technology (TOIT)},
number = {4},
pages = {378--419},
publisher = {ACM},
title = {{Topical web crawlers: Evaluating adaptive algorithms}},
url = {http://dl.acm.org/citation.cfm?id=1031117},
volume = {4},
year = {2004}
}
@phdthesis{Perez2003,
author = {Perez, S. and Roxas, R.E.O.},
booktitle = {Training},
file = {:home/shawn/Desktop/Dropbox/FYP/2003-0001-reinforcementbased.pdf:pdf},
keywords = {focused crawling,language corpora,reinforcement learning},
pages = {25--28},
publisher = {MS Thesis Proposal. College of Computer Studies, De La Salle University},
title = {{Reinforcement-Based Web Crawler}},
url = {http://www.dlsu.edu.ph/research/centers/adric/nlp/downloads/1NNLPRS/Paper\%5Cperez.pdf},
year = {2003}
}
@article{Georgescul2009,
author = {Georgescul, Maria and Clark, Alexander and Armstrong, Susan},
file = {:home/shawn/Desktop/Dropbox/FYP/2003-0015-W06-1320.pdf:pdf},
journal = {\ldots of the 7th SIGdial Workshop on \ldots},
number = {July},
pages = {144--151},
title = {{An analysis of quantitative aspects in the evaluation of thematic segmentation algorithms}},
url = {http://dl.acm.org/citation.cfm?id=1654622},
year = {2009}
}
@article{Coffman1997,
author = {Coffman, EG and Liu, Zhen},
file = {:home/shawn/Desktop/Dropbox/FYP/1997-????-RR-3317.pdf:pdf},
journal = {Sophia},
title = {{Optimal robot scheduling for web search engines}},
url = {http://hal.inria.fr/inria-00073372/},
year = {1997}
}
@article{Cho2003,
author = {Cho, Junghoo and Garcia-Molina, Hector},
doi = {10.1145/958942.958945},
file = {:home/shawn/Desktop/Dropbox/FYP/2003-????-effective page refresh policies.pdf:pdf},
issn = {03625915},
journal = {ACM Transactions on Database Systems},
month = dec,
number = {4},
pages = {390--426},
title = {{Effective page refresh policies for Web crawlers}},
url = {http://portal.acm.org/citation.cfm?doid=958942.958945},
volume = {28},
year = {2003}
}
@article{Yang2009,
author = {Yang, JM and Cai, Rui and Wang, Chunsong and Huang, Hua},
file = {:home/shawn/Desktop/Dropbox/FYP/2009-????-incorporatingsitekowledge.pdf:pdf},
isbn = {9781605584959},
journal = {on Knowledge},
keywords = {incremental crawling,sitemap,web forum},
pages = {1375--1383},
title = {{Incorporating site-level knowledge for incremental crawling of web forums: A list-wise strategy}},
url = {http://dl.acm.org/citation.cfm?id=1557166},
year = {2009}
}
@article{Tan2007,
author = {Tan, Qingzhao and Zhuang, Z and Mitra, P},
file = {:home/shawn/Desktop/Dropbox/FYP/2007-0007-efficientsampling.pdf:pdf},
isbn = {9781595936547},
journal = {Proceedings of the 16th},
keywords = {2,algorithm is based on,and,assumption that relevant webpages,have similar change patterns,our sampling-based update detection,sampling,sampling-based update detection,search engines,the,web crawler},
number = {3},
title = {{Designing efficient sampling techniques to detect webpage updates}},
url = {http://dl.acm.org/citation.cfm?id=1242738},
volume = {1},
year = {2007}
}
@inproceedings{Urbano2010,
author = {Urbano, Juli\'{a}n and Lor\'{e}ns, J. and Andreadakis, Yorgos and Marrero, M\'{o}nica},
booktitle = {Proceedings of the 19th ACM international conference on Information and knowledge management},
file = {:home/shawn/Desktop/Dropbox/FYP/2010-0001-structured.pdf:pdf},
isbn = {9781450300995},
keywords = {1,3,content analysis,h,information storage and retrieval},
pages = {1939--1940},
publisher = {ACM},
title = {{Crawling the web for structured documents}},
url = {http://dl.acm.org/citation.cfm?id=1871773},
year = {2010}
}
@inproceedings{Castillo2005,
author = {Castillo, Carlos},
booktitle = {ACM SIGIR Forum},
file = {:home/shawn/Desktop/Dropbox/FYP/2004-0084-effective.pdf:pdf},
number = {1},
pages = {55--56},
publisher = {ACM},
title = {{Effective web crawling}},
url = {http://dl.acm.org/citation.cfm?id=1067287},
volume = {39},
year = {2005}
}
@inproceedings{Shahaf2006,
author = {Shahaf, Dafna and Amir, Eyal},
booktitle = {PROCEEDINGS OF THE NATIONAL CONFERENCE ON ARTIFICIAL INTELLIGENCE},
file = {:home/shawn/Desktop/Dropbox/FYP/2006-0019-poschemas.pdf:pdf},
number = {1},
pages = {913},
publisher = {Menlo Park, CA; Cambridge, MA; London; AAAI Press; MIT Press; 1999},
title = {{Learning partially observable action schemas}},
url = {http://scholar.google.com/scholar?hl=en\&btnG=Search\&q=intitle:Learning+Partially+Observable+Action+Schemas\#0},
volume = {21},
year = {2006}
}
@article{Liu2010,
author = {Liu, Hongyu and Milios, Evangelos and Others},
file = {:home/shawn/Desktop/Dropbox/FYP/2010-0024-probmodels.pdf:pdf},
journal = {Computational Intelligence},
title = {{Probabilistic models for focused web crawling}},
url = {http://nparc.cisti-icist.nrc-cnrc.gc.ca/npsi/ctrl?action=shwart\&amp;index=an\&amp;req=16352297\&amp;lang=en},
year = {2010}
}
@article{Fetterly2003,
author = {Fetterly, Dennis and Manasse, Mark},
file = {:home/shawn/Desktop/Dropbox/FYP/2004-0393-evolutionofwebpages.pdf:pdf},
isbn = {1581136803},
journal = {Work},
keywords = {rate of change,web characterization,web evolution,web pages},
pages = {669--678},
title = {{A Large-Scale Study of the Evolution of Web Pages}},
year = {2003}
}
@article{Abiteboul2003,
author = {Abiteboul, Serge and Verhaeren, Emile and Cobena, Gregory},
file = {:home/shawn/Desktop/Dropbox/FYP/2003-0180-adaptiveonlinepageimp.pdf:pdf},
isbn = {1581136803},
journal = {ReCALL},
title = {{Adaptive On-Line Page Importance Computation}},
year = {2003}
}
@article{Hsu2006,
author = {Hsu, Bo-june Paul and Glass, James},
file = {:home/shawn/Desktop/Dropbox/FYP/2006-W06-1644-hmmlda.pdf:pdf},
number = {July},
pages = {373--381},
title = {{Style \& Topic Language Model Adaptation Using HMM-LDA}},
year = {2006}
}
@article{Gonzalez2005,
author = {Gonz\'{a}lez, Alicia Mateo and Mu\~{n}oz, Antonio and Roque, San and Garc\'{\i}a-gonz\'{a}lez, Javier},
file = {:home/shawn/Desktop/Dropbox/FYP/2005-hmm prediction.pdf:pdf},
number = {1},
pages = {13--24},
title = {{Modeling and Forecasting Electricity Prices with Input / Output Hidden Markov Models}},
volume = {20},
year = {2005}
}
@article{Cao2003,
author = {Cao, LJ and Tay, FEH},
file = {:home/shawn/Desktop/Dropbox/FYP/2003-Support Vector Machine With Adaptive Parameters in Financial Time Series Forecasting.pdf:pdf},
journal = {Neural Networks, IEEE Transactions on},
number = {6},
pages = {1506--1518},
title = {{Support vector machine with adaptive parameters in financial time series forecasting}},
url = {http://ieeexplore.ieee.org/xpls/abs\_all.jsp?arnumber=1257413},
volume = {14},
year = {2003}
}
@article{Wang,
author = {Wang, Aobo and Chen, T and Kan, MY},
file = {:home/shawn/Desktop/Dropbox/FYP/2012-retweetingaobo.pdf:pdf},
isbn = {2520023724},
journal = {NAACL-HLT 2012},
title = {{Re-tweeting from a Linguistic Perspective}},
url = {http://www.aclweb.org/anthology/W12-21\#page=56},
year = {2012}
}
@article{Sriram2010,
author = {Sriram, Bharath and Fuhry, David},
file = {:home/shawn/Desktop/Dropbox/FYP/2010-063-10.1.1.170.3278.pdf:pdf},
isbn = {9781605588964},
journal = {\ldots in information retrieval},
pages = {4--5},
title = {{Short text classification in twitter to improve information filtering}},
url = {http://dl.acm.org/citation.cfm?id=1835643},
year = {2010}
}
@article{Naaman2010,
author = {Naaman, Mor and Boase, Jeffrey and Lai, Chih-hui},
file = {:home/shawn/Desktop/Dropbox/FYP/2010-0197-p189-naaman.pdf:pdf},
isbn = {9781605587950},
journal = {Proceedings of the 2010 ACM conference \ldots},
pages = {189--192},
title = {{Is it really about me?: message content in social awareness streams}},
url = {http://dl.acm.org/citation.cfm?id=1718953},
year = {2010}
}

@article{wilcoxon1945,
  title={Individual comparisons by ranking methods},
  author={Wilcoxon, F.},
  journal={Biometrics Bulletin},
  volume={1},
  number={6},
  pages={80--83},
  year={1945},
  publisher={JSTOR}
}
